<?xml version="1.0" encoding="UTF-8"?><collection xmlns="http://www.loc.gov/MARC21/slim"><record><leader>00596nam--2200205-i-4500</leader><controlfield tag="001">000023500</controlfield><controlfield tag="002">20161230</controlfield><controlfield tag="005">20161230201035</controlfield><controlfield tag="008">060222s1000------------r-----000-0-ger-d</controlfield><datafield ind1=" " ind2=" " tag="040"><subfield code="a">IFIN-HH</subfield></datafield><datafield ind1=" " ind2=" " tag="041"><subfield code="a">ger</subfield></datafield><datafield ind1=" " ind2=" " tag="080"><subfield code="a">539.12(075.8):53(075.8)</subfield></datafield><datafield ind1="1" ind2=" " tag="100"><subfield code="a">Weller, Wolfgang</subfield></datafield><datafield ind1="1" ind2="0" tag="245"><subfield code="a">Mechanik</subfield><subfield code="b">Teilchen und systeme von teilchen</subfield><subfield code="c">Wolfgang weller, horst winkler</subfield></datafield><datafield ind1=" " ind2=" " tag="260"><subfield code="a">Leipzig, Bsb B.G. Teubner Verlagsgesellschaft, 1974</subfield></datafield><datafield ind1=" " ind2=" " tag="300"><subfield code="a">292 p</subfield></datafield><datafield ind1=" " ind2=" " tag="490"><subfield code="a">Grundkurs Klassische Physik</subfield><subfield code="v">Band I</subfield></datafield><datafield ind1="1" ind2=" " tag="700"><subfield code="a">Winkler, Horst</subfield></datafield><datafield ind1=" " ind2=" " tag="852"><subfield code="a">42474</subfield><subfield code="c">531</subfield></datafield><datafield ind1=" " ind2=" " tag="CAT"><subfield code="a">Sys</subfield><subfield code="c">20100624</subfield><subfield code="h">152027</subfield></datafield></record></collection>